<record><leader>00000cas a22000007a 4500</leader><controlfield tag="001">17897797</controlfield><controlfield tag="008">880505d19801986laudn ne      0    0eng d</controlfield><datafield ind1=" " ind2=" " tag="010"><subfield code="a">sn 88064388 </subfield></datafield><datafield ind1=" " ind2=" " tag="040"><subfield code="a">LNP</subfield><subfield code="b">eng</subfield><subfield code="c">LNP</subfield><subfield code="d">OCLCQ</subfield></datafield><datafield ind1=" " ind2=" " tag="042"><subfield code="a">msc</subfield></datafield><datafield ind1="0" ind2="4" tag="245"><subfield code="a">The Franklin banner.</subfield></datafield><datafield ind1=" " ind2=" " tag="260"><subfield code="a">Franklin, La. :</subfield><subfield code="b">[s.n.]</subfield></datafield><datafield ind1=" " ind2=" " tag="310"><subfield code="a">Daily (except Sat. and Sun.)</subfield></datafield><datafield ind1="0" ind2=" " tag="362"><subfield code="a">Vol. 96, no. 236 (Oct. 13, 1980)-v. 102, no. 62 (Feb. 14, 1986).</subfield></datafield><datafield ind1=" " ind2=" " tag="752"><subfield code="a">United States</subfield><subfield code="b">Louisiana</subfield><subfield code="c">Saint Mary</subfield><subfield code="d">Franklin.</subfield></datafield><datafield ind1="0" ind2="0" tag="780"><subfield code="t">St. Mary and Franklin banner-tribune (Franklin, La. : 1959)</subfield><subfield code="w">(DLC)sn 88064387</subfield></datafield><datafield ind1="0" ind2="0" tag="785"><subfield code="t">St. Mary and Franklin banner-tribune (Franklin, La. : 1986)</subfield><subfield code="w">(DLC)sn 88064389</subfield></datafield></record>